<record xmlns:xsi="http://www.w3.org/2001/XMLSchema-instance" xmlns="http://www.loc.gov/MARC21/slim" xsi:schemaLocation="http://www.loc.gov/MARC21/slim http://www.loc.gov/standards/marcxml/schema/MARC21slim.xsd">

  <leader>00574nam a2200157Ia 4500</leader>
  <datafield ind2=" " tag="999" ind1=" ">
    <subfield code="c">2057</subfield>
    <subfield code="d">2057</subfield>
  </datafield>
  <controlfield tag="008">180829b1998       ||||| |||| 00| 0 spa d</controlfield>
  <datafield tag="090" ind2=" " ind1=" ">
    <subfield code="a">12.07.02 </subfield>
    <subfield code="b">1639</subfield>
  </datafield>
  <datafield ind1="1" tag="245" ind2="3">
    <subfield code="a">La Norma ISO 9000 y la Competencia Laboral / </subfield>
    <subfield code="c">Anselmo García, Andrés Hernández, Roberto Wilde </subfield>
  </datafield>
  <datafield ind2=" " tag="260" ind1=" ">
    <subfield code="a">[Lugar de publicación no identificado] : </subfield>
    <subfield code="b">Consejo de Normalización y Certificación de Competencia Laboral, </subfield>
    <subfield code="c">[1998?]</subfield>
  </datafield>
  <datafield ind1=" " ind2=" " tag="300">
    <subfield code="a">30 páginas</subfield>
  </datafield>
  <datafield ind1="1" ind2="4" tag="650">
    <subfield code="a">NORMAS DE CALIDAD </subfield>
    <subfield code="9">4165</subfield>
  </datafield>
  <datafield tag="650" ind2="4" ind1="1">
    <subfield code="a">COMPETENCIA</subfield>
    <subfield code="9">345</subfield>
  </datafield>
  <datafield ind1="1" ind2="4" tag="650">
    <subfield code="a">TRABAJO</subfield>
    <subfield code="9">886</subfield>
  </datafield>
  <datafield ind2="4" tag="650" ind1="1">
    <subfield code="a">EMPRESAS</subfield>
    <subfield code="9">4167</subfield>
  </datafield>
  <datafield ind1=" " ind2=" " tag="942">
    <subfield code="2">z</subfield>
    <subfield code="c">01</subfield>
  </datafield>
</record>